@book{torvalds2002just,
  title={Just for Fun: The Story of an Accidental Revolutionary},
  author={Torvalds, Linus and Diamond, David},
  year={2002},
  publisher={HarperBusiness}
}

@misc{apache,
  title = {{Apache HTTP Server Project}},
  howpublished = {\url{https://httpd.apache.org/}},
  note = {Accédé le 26 Juillet 2023}
}

@misc{IEEE,
  title = {{IEEE - The world's largest technical professional organization dedicated to advancing technology for the benefit of humanity.}},
  howpublished = {\url{https://www.ieee.org}},
  note = {Accessed: 2023-07-26}
}

@misc{IETF,
  title = {{Internet Engineering Task Force (IETF) | Internet Standards}},
  howpublished = {\url{https://www.ietf.org}},
  note = {Accessed: 2023-07-26}
}

@misc{IEEE802,
  title = {{IEEE 802 - Wikipedia}},
  howpublished = {\url{https://en.wikipedia.org/wiki/IEEE_802}},
  note = {Accessed: 2023-07-26}
}

@misc{TCPIP,
  title = {{Internet protocol suite - Wikipedia}},
  howpublished = {\url{https://en.wikipedia.org/wiki/Internet_protocol_suite}},
  note = {Accessed: 2023-07-26}
}

@misc{HTTP,
  title = {{Hypertext Transfer Protocol - Wikipedia}},
  howpublished = {\url{https://en.wikipedia.org/wiki/Hypertext_Transfer_Protocol}},
  note = {Accessed: 2023-07-26}
}

@book{Goodfellow-et-al-2016,
    title={Deep Learning},
    author={Ian Goodfellow and Yoshua Bengio and Aaron Courville},
    publisher={MIT Press},
    note={\url{http://www.deeplearningbook.org}},
    year={2016}
}

@misc{tensorflow2015-whitepaper,
title={ {TensorFlow}: Large-Scale Machine Learning on Heterogeneous Systems},
url={https://www.tensorflow.org/},
note={Software available from tensorflow.org},
author={
    Mart\'{i}n~Abadi and
    Ashish~Agarwal and
    Paul~Barham and
    Eugene~Brevdo and
    Zhifeng~Chen and
    Craig~Citro and
    Greg~S.~Corrado and
    Andy~Davis and
    Jeffrey~Dean and
    Matthieu~Devin and
    Sanjay~Ghemawat and
    Ian~Goodfellow and
    Andrew~Harp and
    Geoffrey~Irving and
    Michael~Isard and
    Yangqing Jia and
    Rafal~Jozefowicz and
    Lukasz~Kaiser and
    Manjunath~Kudlur and
    Josh~Levenberg and
    Dandelion~Man\'{e} and
    Rajat~Monga and
    Sherry~Moore and
    Derek~Murray and
    Chris~Olah and
    Mike~Schuster and
    Jonathon~Shlens and
    Benoit~Steiner and
    Ilya~Sutskever and
    Kunal~Talwar and
    Paul~Tucker and
    Vincent~Vanhoucke and
    Vijay~Vasudevan and
    Fernanda~Vi\'{e}gas and
    Oriol~Vinyals and
    Pete~Warden and
    Martin~Wattenberg and
    Martin~Wicke and
    Yuan~Yu and
    Xiaoqiang~Zheng},
  year={2015},
}

@article{gupta_collaborative_2019,
  title={Collaborative learning in the community of practice},
  author={Gupta, Vivek and Srivastava, Deepa and others},
  journal={International Journal of Computer Science and Information Technologies},
  volume={10},
  number={1},
  pages={108--113},
  year={2019}
}

@misc{abadi_tensorflow:_2016,
  title={TensorFlow: a system for large-scale machine learning},
  author={Abadi, Mart{\'\i}n and Agarwal, Ashish and Barham, Paul and Brevdo, Eugene and Chen, Zhifeng and Citro, Craig and Corrado, Greg S and Davis, Andy and Dean, Jeffrey and Devin, Matthieu and others},
  year={2016},
  publisher={OSDI},
  howpublished = {Conference paper}
}

@article{paszke_pytorch:_2019,
  title={PyTorch: An Imperative Style, High-Performance Deep Learning Library},
  author={Paszke, Adam and Gross, Sam and Massa, Francisco and Lerer, Adam and Bradbury, James and Chanan, Gregory and Killeen, Trevor and Lin, Zeming and Gimelshein, Natalia and Antiga, Luca and others},
  journal={Advances in Neural Information Processing Systems},
  volume={32},
  year={2019}
}

@article{jobin_artificial_2019,
  title={Artificial Intelligence: The Global Landscape of Ethics Guidelines},
  author={Jobin, Anna and Ienca, Marcello and Vayena, Effy},
  journal={Nature Machine Intelligence},
  volume={1},
  pages={389--399},
  year={2019}
}

@misc{partnership_on_ai,
  title={Partnership on AI},
  author={Partnership on AI},
  howpublished = {Website},
  note = {Available at: \url{https://www.partnershiponai.org/}}
}

@misc{long_cooperation_200,
  title={Cooperation in the classroom: The jigsaw method and the development of learning teams in a grade 10 history classroom.},
  author={Jigsaw},
  howpublished = {Website},
  note = {Available at: \url{https://www.readingrockets.org/classroom/classroom-strategies/jigsaw/}}
}



